%% Remember to build BibTex to make sure that bibliography is generated
%% => Needs to be run also after reference is added.
%% To add reference; \cite{McAfeeAndIntel}
%% http://en.wikibooks.org/wiki/LaTeX/Bibliography_Management

%% Example of inproceedings - Harvard style
@inproceedings{BolasEtAl2013:OpenVR, 
		author={Bolas, M. and Hoberman, P. and Thai Phan and Luckey, P. and Iliff, J. and Burba, N. and McDowall, I. and Krum, D.M.}, 
		booktitle={Virtual Reality (VR), 2013 IEEE}, 
		title={Open virtual reality}, 
		year={2013}, 
		month={March}, 
		pages={183-184},  
		doi={10.1109/VR.2013.6549423}, 
		ISSN={1087-8270}
}

%% Example of article - Harvard style
@article{AzumaEtAl2001:AdvancesInAR, 
		author={Azuma, R. and Baillot, Y. and Behringer, R. and Feiner, S. and Julier, S. and MacIntyre, Blair}, 
		journal={Computer Graphics and Applications, IEEE}, 
		title={Recent advances in augmented reality}, 
		year={2001}, 
		month={Nov}, 
		volume={21}, 
		number={6}, 
		pages={34-47}, 
		doi={10.1109/38.963459}, 
		ISSN={0272-1716}
}

%% Example of misc - Harvard style
@misc {Wikipedia:AugmentedReality,
    author = {Wikipedia},
		year = {2015},
		title = {{Augmented reality}},
		url = {http://en.wikipedia.org/wiki/Augmented_reality},
		note = "{Last accessed \today}"
}